
@article{centerforhistoryandnewmedia__ZoteroKuaiSuRuMenZhiNan,
  title = {Zotero 快速入门指南},
  url = {http://zotero.org/support/quick_start_guide},
  timestamp = {2017-08-01T11:15:46Z},
  author = {{Center for History and New Media}}
}

@article{allen_1996_ReviewPerformanceEngineering,
  title = {A {{Review}} of the {{Performance}} of {{Engineering Materials}} under {{Prevalent Tribological}} and {{Wear Situations}} in {{South African Industries}}},
  volume = {29},
  issn = {0301-679X},
  timestamp = {2017-08-01T11:15:47Z},
  journaltitle = {tribology international},
  author = {Allen, C. and Ball, A.},
  date = {1996},
  pages = {105--116}
}

@book{crawford_1995_FutureLibrariesDreams,
  title = {Future {{Libraries}}: {{Dreams}}, {{Madness}} \& {{Reality}}},
  isbn = {0-8389-0647-8},
  timestamp = {2017-08-01T11:15:47Z},
  publisher = {{SciELO Brasil}},
  author = {Crawford, Walt and Gorman, Michael and Bohannan, April},
  date = {1995}
}

@article{darakchiev_2002_GasFlowDistribution,
  title = {Gas {{Flow Distribution}} in {{Packed Columns}}},
  volume = {41},
  issn = {0255-2701},
  timestamp = {2017-08-01T11:15:47Z},
  journaltitle = {Chemical Engineering and Processing: Process Intensification},
  author = {Darakchiev, Rumen and Dodev, Chavdar},
  date = {2002},
  pages = {385--393}
}

@article{jun_2010_LiuHuaChuangGuanShiFenBuQiNeiLiuChangMoNiHeBuQiXingNengFenXi,
  title = {流化床管式分布器内流场模拟和布气性能分析},
  volume = {61},
  issn = {0438-1157},
  timestamp = {2017-08-01T11:15:47Z},
  journaltitle = {化工学报},
  author = {Jun, X. U. and Xinchao, Q. I. N. and Jianfei, SONG and Yaodong, W. E. I.},
  date = {2010},
  pages = {2280--2286}
}

@article{mendez_1998_StudyGasVelocity,
  title = {Study of the {{Gas Velocity Field Generated}} by a {{Multi}}-{{Tuyere Fluidization Gas Distributor}} in the {{Absence}} of {{Particles}}},
  volume = {98},
  issn = {0032-5910},
  timestamp = {2017-08-01T11:15:47Z},
  journaltitle = {Powder technology},
  author = {Méndez, C. and Irusta, R. and Castro, F. and Villafruela, J. M.},
  date = {1998},
  pages = {54--60}
}

@article{merry_1975_PenetrationVerticalJets,
  title = {Penetration of {{Vertical Jets}} into {{Fluidized Beds}}},
  volume = {21},
  issn = {1547-5905},
  timestamp = {2017-08-01T11:15:47Z},
  journaltitle = {AIChE Journal},
  author = {Merry, J. M. D.},
  date = {1975},
  pages = {507--510}
}

@article{porter_1993_GasDistributionShallow,
  title = {Gas {{Distribution}} in {{Shallow Packed Beds}}},
  volume = {32},
  issn = {0888-5885},
  timestamp = {2017-08-01T11:15:47Z},
  journaltitle = {Industrial \& engineering chemistry research},
  author = {Porter, Kenneth E. and Ali, Quasim H. and Hassan, Ahmed O. and Aryan, Adam F.},
  date = {1993},
  pages = {2408--2417}
}

@book{chenjunwu_2005_CuiHuaLieHuaGongYiYuGongCheng,
  title = {催化裂化工艺与工程},
  timestamp = {2017-08-01T11:15:47Z},
  series = {北京: 中国石},
  publisher = {{中国石化出版社}},
  author = {{陈俊武}},
  date = {2005}
}

@book{chunxi_2002_CuiHuaLieHuaLiuTaiHuaJiZhu,
  title = {催化裂化流态化技术},
  isbn = {7-80164-291-0},
  timestamp = {2017-08-01T11:15:47Z},
  publisher = {{中国石化出版社}},
  author = {{春喜} and {祝安}},
  date = {2002}
}

@article{donggang_2003_GuTiLiZiChongShiMoSunYanJiuJinZhan,
  title = {固体粒子冲蚀磨损研究进展},
  volume = {21},
  timestamp = {2017-08-01T11:15:47Z},
  journaltitle = {材料科学与工程学报},
  author = {{董刚} and {张九渊}},
  date = {2003},
  pages = {307--312}
}

@article{gaoyushi_2010_YongGaoXianLiangTieWeiKuangShengChanShaoJieZhuanDeYanJiu,
  title = {用高掺量铁尾矿生产烧结砖的研究},
  volume = {9},
  timestamp = {2017-08-01T11:15:47Z},
  journaltitle = {砖瓦},
  author = {{高遇事} and {张乃从} and {黄平辉} and {梁嘉琪} and {贾韶辉} and {闫亚楠}},
  date = {2010},
  pages = {003}
}

@article{houbo_2009_CuiHuaLieHuaGongYiJiCuiHuaJiDeJiZhuJinZhan,
  title = {催化裂化工艺及催化剂的技术进展},
  timestamp = {2017-08-01T11:15:47Z},
  journaltitle = {化学工业与工程技术},
  author = {{侯波} and {曹志涛}},
  date = {2009},
  pages = {39--44}
}

@book{huaxuegongchengshoucebianjiweiyuanhui_1987_HuaXueGongChengShouCeDi20Pian,
  location = {{北京}},
  title = {化学工程手册第20篇},
  volume = {12},
  timestamp = {2017-08-01T11:15:47Z},
  publisher = {{化学工业出版社}},
  author = {{化学工程手册编辑委员会}},
  date = {1987}
}

@article{jinyong_1984_LiuHuaChuangDuoGuanShiQiLiuFenBuQiDeYanJiuFenBuQiSheJiCanShuDeQueDing,
  title = {流化床多管式气流分布器的研究 (Ⅱ) 分布器设计参数的确定},
  volume = {3},
  timestamp = {2017-08-01T11:15:47Z},
  journaltitle = {化工学报},
  author = {{金涌} and {俞芷青} and {孙竹范} and {彭秉璞}},
  date = {1984},
  pages = {203--212}
}

@article{jingyongwei_2005_LiuHuaChuangGuoLuShuiLengBiGuanChongShiMoSunTeXingJiFangMoCuoShi,
  title = {流化床锅炉水冷壁管冲蚀磨损特性及防磨措施},
  volume = {25},
  timestamp = {2017-08-01T11:15:47Z},
  journaltitle = {动力工程},
  author = {{景永伟} and {刘少光}},
  date = {2005},
  pages = {747--751}
}

@article{lixiaoman_2006_FCCZhuangZhiZhuFengFenBuGuanPenZuiMoSunDeQiXiangLiuChangFenXiShui,
  title = {{{FCC}} 装置主风分布管喷嘴磨损的气相流场分析水},
  volume = {36},
  timestamp = {2017-08-01T11:15:47Z},
  journaltitle = {炼油技术与工程},
  author = {{李晓曼} and {万古军} and {魏耀东}},
  date = {2006},
  pages = {13--16}
}

@article{liujiajun_1993_CaiLiaoMoSunYuanLiJiQiNaiMoXing,
  title = {材料磨损原理及其耐磨性},
  timestamp = {2017-08-01T11:15:47Z},
  author = {{刘家浚}},
  date = {1993}
}

@article{liujuan_2005_ShuiLiJiJieZhongChongShiMoSunGuiLuJiKangMoCuoShiYanJiuJinZhan,
  title = {水力机械中冲蚀磨损规律及抗磨措施研究进展},
  volume = {24},
  timestamp = {2017-08-01T11:15:47Z},
  journaltitle = {水力发电学报},
  author = {{刘娟} and {许洪元} and {齐龙浩}},
  date = {2005},
  pages = {113--117}
}

@article{lushizhong_1999_CuiHuaLieHuaZhuangZhiZhuFengFenBuGuanMoSunYuanYinJiGaiJinCuoShi,
  title = {催化裂化装置主风分布管磨损原因及改进措施},
  volume = {13},
  timestamp = {2017-08-01T11:15:47Z},
  journaltitle = {河南石油},
  author = {{卢世忠} and {曹清浩}},
  date = {1999},
  pages = {42--43}
}

@article{mayanmei_2014_CuiHuaLieHuaQiTiFenBuQiDeCFDMoNiJiYouHua,
  title = {催化裂化气体分布器的 {{CFD}} 模拟及优化},
  timestamp = {2017-08-01T11:15:47Z},
  journaltitle = {炼油技术与工程},
  author = {{马艳梅} and {王松江} and {张振千} and {李国智}},
  date = {2014},
  pages = {52--54}
}

@book{shiyougongyebudierlianyoushejiyanjiuyuanbian__CuiHuaLieHuaGongYiSheJi,
  location = {{北京}},
  title = {催化裂化工艺设计},
  volume = {1983},
  timestamp = {2017-08-01T11:15:47Z},
  publisher = {{石油工业出版社}},
  author = {{石油工业部第二炼油设计研究院编}}
}

@article{sunyunqi_2000_DanDuanCuiHuaLieHuaZaiShengQiDeSheJiYuYingYong,
  title = {单段催化裂化再生器的设计与应用},
  volume = {28},
  timestamp = {2017-08-01T11:15:47Z},
  journaltitle = {石油机械},
  author = {{孙运起} and {刘宗良}},
  date = {2000},
  pages = {33--36}
}

@article{wangujun_2006_CuiHuaLieHuaZaiShengQiShuZhiZhuangZhuFengFenBuGuanMoSunDeQiXiangLiuChangFenXi,
  title = {催化裂化再生器树枝状主风分布管磨损的气相流场分析},
  volume = {36},
  timestamp = {2017-08-01T11:15:47Z},
  journaltitle = {炼油技术与工程},
  author = {{万古军} and {魏耀东} and {时铭显}},
  date = {2006},
  pages = {21--24}
}

@article{weiyaodong_2001_GuaKeShiXuanFengFenChiQiDeMoSunShiYanHeFenXi,
  title = {蜗壳式旋风分离器的磨损实验和分析},
  volume = {28},
  timestamp = {2017-08-01T11:15:47Z},
  journaltitle = {化工机械},
  author = {{魏耀东} and {刘仁桓} and {燕辉} and {时铭显}},
  date = {2001},
  pages = {71--75}
}

@thesis{xukai_2009_ChenJinGuanShiLiuHuaChuangDeDuoXiangLiuMoNiYuJieGouYouHua,
  title = {沉浸管式流化床的多相流模拟与结构优化},
  abstract = {本文针对大型流化床反应器存在进气不均、易产生大气泡和颗粒团聚体,对于强放热或吸热反应须在流化床内设置管式内构件以及时取热或加热,出口气体带出的固体颗粒量较大等弊端,进行了流场模拟与实验研究。内容包括: 设计了双锥导流式进气分布器,并利用FUENT软件对不同结构参数下分布器的流场进行了数值模拟。模拟结果表明:外锥的设立,避免了不能使气体均布的弊端;合理调整导流口的位置与尺寸能确保流体沿分布器内锥表面压力均布;分布器内气体分布不均匀度随内锥开孔率的增加先减小后增大,并沿流体的流动方向有降低的趋势;当内锥开孔率为0.8\textasciitilde{}1\%,锥角采用60°时气体分布器的不均匀度小、压降低。并且利用实验验证了上述模拟结果。 对三种不同外形的流化床进行了模拟。结果显示,流化床的扩大段对床内部流场的影响显著。三种拥有扩大段的床形在降低密相床层高度、颗粒速度方面要好于普通圆筒形流化床。圆锥形流化床,降低了颗粒扬析,但容易出现沟流;当静床床面低于扩大段下端的流化床时,不适宜的结构尺寸会造成内部气泡尺寸较大、易聚并发生节涌;对静床床面位于扩大段下端,床层尺寸比例设计合理时,密相床层高度低,内部气泡尺寸较小、颗粒的扬析量少、流场稳定,与实验结果吻合。 作者对加入垂直与水平两种沉浸管的流化床内部流场进行了研究。对垂直沉浸管式流化床的模拟表明:垂直管上方与下方床层内的颗粒有从流化中心向边壁运动的趋势,而垂直管区域内的颗粒沿轴向向上运动;垂直管的加入破碎了流化床内的大气泡、减缓了气泡上升速度、减弱了气泡聚并;降低了垂直管上方床层区域内的颗粒固含率,减少了颗粒的扬析;适当加大垂直管间距可以有效降低壁面处的颗粒固含率及密相床层高度。对水平沉浸管式流化床的模拟发现:床内一定数量的管道被“气穴”包围,且管间距减小后,“气穴”增多;床内管束采用正三角与正方形两种排列方式均能降低管束上方区域内的颗粒固含率;管束呈三角形排列时密相床层高度较低,且颗粒在中心区域具有较高的轴向速度,有助于减少“气穴”现象。},
  timestamp = {2017-08-01T11:15:47Z},
  institution = {{青岛科技大学}},
  type = {硕士},
  author = {{许凯}},
  date = {2009},
  keywords = {沉浸管式流化床,扩大段,数值模拟,双锥导流式进气分布器}
}

@article{xuyouhao_2014_WoGuoCuiHuaLieHuaGongYiJiZhuJinZhan,
  title = {我国催化裂化工艺技术进展},
  volume = {44},
  timestamp = {2017-08-01T11:15:47Z},
  journaltitle = {中国科学: 化学},
  author = {{许友好}},
  date = {2014},
  pages = {13--24}
}

@article{yangguangfu_2010_ChongYouCuiHuaLieHuaZhuangZhiZaiShengQiZhuFengFenBuQiDeMoSunJiQiWeiHaiFenXi,
  title = {重油催化裂化装置再生器主风分布器的磨损及其危害分析},
  volume = {31},
  timestamp = {2017-08-01T11:15:47Z},
  journaltitle = {安全},
  author = {{杨光福} and {孙文勇}},
  date = {2010},
  pages = {11--14}
}

@article{zhangchengfang_1980_DuoKongGuanFenBuQiLiuTiJunBuDeSheJi,
  title = {多孔管分布器流体均布的设计},
  volume = {10},
  timestamp = {2017-08-01T11:15:47Z},
  journaltitle = {石油炼制},
  author = {{张成芳} and {朱子彬} and {徐懋生} and {郑志胜}},
  date = {1980},
  pages = {17--28}
}

@article{zhanghan_1998_LiuHuaCuiHuaLieHuaZaiShengQiZhuFengFenBuGuanDeSheJiGaiJin,
  title = {流化催化裂化再生器主风分布管的设计改进},
  volume = {28},
  timestamp = {2017-08-01T11:15:47Z},
  journaltitle = {炼油设计},
  author = {{张韩}},
  date = {1998},
  pages = {20--24}
}

@article{stillman_2016_BetterZoteroButton,
  title = {A {{Better}} “{{Save}} to {{Zotero}}” {{Button}} in {{Chrome}}},
  timestamp = {2017-08-01T11:15:47Z},
  langid = {english},
  journaltitle = {Zotero},
  author = {Stillman, Dan},
  date = {2016-03},
  keywords = {News},
  file = {Untitled Attachment:F\:\\zoterobib\\storage\\4SQ9X83I\\Stillman - 2016 - A Better “Save to Zotero” Button in Chrome.html:text/html;Untitled Attachment:F\:\\zoterobib\\storage\\V75XCJHE\\Stillman - 2016 - A Better “Save to Zotero” Button in Chrome.html:text/html}
}

@article{reinisch_2004_KarlRawerLife,
  title = {Karl {{Rawer}}’s {{Life}} and the {{History}} of {{IRI}}},
  volume = {34},
  issn = {02731177},
  doi = {10.1016/j.asr.2004.09.002},
  timestamp = {2017-08-01T11:15:47Z},
  langid = {english},
  number = {9},
  journaltitle = {Advances in Space Research},
  author = {Reinisch, Bodo W. and Bilitza, Dieter},
  date = {2004},
  pages = {1845--1850}
}

@article{_2015_ElectrodynamicTether,
  title = {Electrodynamic {{Tether}}},
  rights = {Creative Commons Attribution-ShareAlike License},
  abstract = {Electrodynamic tethers (EDTs) are long conducting wires, such as one deployed from a tether satellite, which can operate on electromagnetic principles as generators, by converting their kinetic energy to electrical energy, or as motors, converting electrical energy to kinetic energy. Electric potential is generated across a conductive tether by its motion through a planet's magnetic field.},
  timestamp = {2017-08-01T11:15:47Z},
  langid = {english},
  journaltitle = {Wikipedia, the free encyclopedia},
  date = {2015-05},
  note = {Page Version ID: 660986492}
}

@article{reinisch_2008_ProgressObservationBasedIonospheric,
  title = {Progress in {{Observation}}-{{Based Ionospheric Modeling}}},
  volume = {6},
  issn = {15427390},
  doi = {10.1029/2007SW000359},
  timestamp = {2017-08-01T11:15:47Z},
  langid = {english},
  number = {2},
  journaltitle = {Space Weather},
  author = {Reinisch, Bodo and Bilitza, Dieter and Lastovicka, Jan},
  date = {2008-02},
  pages = {n/a--n/a}
}

@article{yue_2012_Global3DIonospheric,
  title = {Global 3-{{D Ionospheric Electron Density Reanalysis Based}} on {{Multisource Data Assimilation}}},
  volume = {117},
  timestamp = {2017-08-01T11:15:47Z},
  issue = {A9},
  journaltitle = {Journal of Geophysical Research: Space Physics},
  author = {Yue, Xinan and Schreiner, William S. and Kuo, Ying-Hwa and Hunt, Douglas C. and Wang, Wenbin and Solomon, Stanley C. and Burns, Alan G. and Bilitza, Dieter and Liu, Jann-Yenq and Wan, Weixing and {others}},
  date = {2012},
  keywords = {1910 Data assimilation,2423 Ionization processes,6982 Tomography and imaging,6994 Instruments and techniques,COSMIC,data assimilation,integration and fusion,ionosphere,IRI,radio occultation,reanalysis},
  file = {Yue et al_2012_Global 3-D Ionospheric Electron Density Reanalysis Based on Multisource Data.pdf:F\:\\zoterobib\\storage\\F5KIGWDZ\\Yue et al_2012_Global 3-D Ionospheric Electron Density Reanalysis Based on Multisource Data.pdf:application/pdf;Snapshot:F\:\\zoterobib\\storage\\KEE62JC3\\Yue et al. - 2012 - Global 3-D ionospheric electron density reanalysis.html:text/html}
}

@article{nsumei_2010_ComparingTopsideBottomsideMeasured,
  title = {Comparing {{Topside}} and {{Bottomside}}-{{Measured Characteristics}} of the {{F2 Layer Peak}}},
  volume = {46},
  issn = {02731177},
  doi = {10.1016/j.asr.2010.06.027},
  timestamp = {2017-08-01T11:15:47Z},
  langid = {english},
  number = {8},
  journaltitle = {Advances in Space Research},
  author = {Nsumei, Patrick A. and Reinisch, Bodo W. and Huang, Xueqin and Bilitza, Dieter},
  date = {2010-10},
  pages = {974--983}
}

@article{bilitza_2014_InternationalReferenceIonosphere,
  title = {The {{International Reference Ionosphere}} 2012 – a {{Model}} of {{International Collaboration}}},
  volume = {4},
  issn = {2115-7251},
  doi = {10.1051/swsc/2014004},
  timestamp = {2017-08-01T11:15:47Z},
  journaltitle = {Journal of Space Weather and Space Climate},
  author = {Bilitza, Dieter and Altadill, David and Zhang, Yongliang and Mertens, Chris and Truhlik, Vladimir and Richards, Phil and McKinnell, Lee-Anne and Reinisch, Bodo},
  date = {2014},
  pages = {A07}
}

@article{zhang_2010_RealTimeAssimilationIRI,
  title = {Near {{Real}}-{{Time Assimilation}} in {{IRI}} of {{Auroral Peak E}}-{{Region Density}} and {{Equatorward Boundary}}},
  volume = {46},
  issn = {02731177},
  doi = {10.1016/j.asr.2010.06.029},
  timestamp = {2017-08-01T11:15:47Z},
  langid = {english},
  number = {8},
  journaltitle = {Advances in Space Research},
  author = {Zhang, Yongliang and Paxton, Larry J. and Bilitza, Dieter and Doe, Rick},
  date = {2010-10},
  pages = {1055--1063}
}

@article{zhang_1999_KongJianXiShengXiTongDeFaZhanJiQiYingYongQianJing,
  title = {空间系绳系统的发展及其应用前景},
  issn = {1002-7742},
  abstract = {空间系绳系统是一项鲜为人知的航天技术，它已有几十年的发展历史。最近，俄罗斯的专家们把这项技术推向了一个新的发展阶段，现作一概括介绍。一、空间系绳系统空间系绳系统是一个人造空间物体（卫星、飞船、货物）的组合体，它们之间用一根长的挠性元件（系绳、电缆、软...},
  timestamp = {2017-08-01T11:15:47Z},
  langid = {中文},
  issue = {03},
  journaltitle = {中国航天},
  author = {张, 万周},
  date = {1999},
  pages = {25--30},
  note = {LCCB: 11-2801},
  keywords = {发展阶段,轨道飞行,航天技术,拉沃奇金,挠性,能源火箭,欧空局,人造重力,系绳,在轨飞行}
}

@article{richards_2010_IonDensityCalculator,
  title = {Ion {{Density Calculator}} ({{IDC}}): {{A New Efficient Model}} of {{Ionospheric Ion Densities}}: {{ION DENSITY CALCULATOR}}},
  volume = {45},
  issn = {00486604},
  doi = {10.1029/2009RS004332},
  shorttitle = {Ion {{Density Calculator}} ({{IDC}})},
  timestamp = {2017-08-01T11:15:47Z},
  langid = {english},
  number = {5},
  journaltitle = {Radio Science},
  author = {Richards, P. G. and Bilitza, D. and Voglozin, D.},
  date = {2010-10},
  pages = {n/a--n/a}
}

@book{chenjun_2015_CuiHuaLieHuaGongYiYuGongChengDi3BanTaoZhuangShangXiaCe,
  edition = {第3版},
  title = {催化裂化工艺与工程(第3版)(套装上下册)},
  isbn = {978-7-5114-3239-1},
  abstract = {《催化裂化工艺与工程》由国内知名炼油专家撰写而成。系统总结了世界范围内催化裂化技术的发展，并注意介绍我国催化裂化技术的工业实践和我国学者的贡献。内容主要包括催化裂化发展历史、催化裂化化学、裂化催化剂、催化裂化原料和产品、气固流态化、操作变量与热平衡、裂化反应工程和结焦催化剂的再生，并对催化裂化装置内部的节能与用能、环境保护、技术经济以及催化裂化装置在炼油厂的作用也作了介绍。},
  timestamp = {2017-08-01T11:15:47Z},
  publisher = {{中国石化出版社}},
  author = {陈俊, 武},
  date = {2015-05}
}

@article{bilitza_2011_InternationalReferenceIonosphere,
  title = {The {{International Reference Ionosphere Today}} and in the {{Future}}},
  volume = {85},
  issn = {0949-7714, 1432-1394},
  doi = {10.1007/s00190-010-0427-x},
  timestamp = {2017-08-01T11:15:47Z},
  langid = {english},
  number = {12},
  journaltitle = {Journal of Geodesy},
  author = {Bilitza, Dieter and McKinnell, Lee-Anne and Reinisch, Bodo and Fuller-Rowell, Tim},
  date = {2011-12},
  pages = {909--920}
}

@book{wangzhen_2013_MoCaMoSunYuNaiMoCaiLiao,
  location = {{哈尔滨}},
  edition = {第1版},
  title = {摩擦磨损与耐磨材料},
  isbn = {978-7-5603-3850-7},
  abstract = {《摩擦磨损与耐磨材料》共分9章，主要介绍了金属表面的特性、接触表面之间的相互作用、摩擦磨损过程中金属表层的组织结构变化；各种摩擦磨损机理及影响摩擦磨损的内外因素；摩擦磨损的测试方法和材料磨损失效分析；各种耐磨材料的成分、组织、性能和应用。},
  timestamp = {2017-08-01T11:15:47Z},
  publisher = {{哈尔滨工业大学出版社}},
  author = {王振, 廷 and 孟君, 晟},
  date = {2013-03}
}

@article{bilitza_2012_MeasurementsIRIModel,
  title = {Measurements and {{IRI Model Predictions}} during the {{Recent Solar Minimum}}},
  volume = {86},
  issn = {13646826},
  doi = {10.1016/j.jastp.2012.06.010},
  timestamp = {2017-08-01T11:15:47Z},
  langid = {english},
  journaltitle = {Journal of Atmospheric and Solar-Terrestrial Physics},
  author = {Bilitza, Dieter and Brown, Steven A. and Wang, Mathew Y. and Souza, Jonas R. and Roddy, Patrick A.},
  date = {2012-09},
  pages = {99--106}
}

@article{_2017_Wolfenstein3D,
  title = {\emph{Wolfenstein }{{\emph{3D}}}},
  rights = {Creative Commons Attribution-ShareAlike License},
  abstract = {Wolfenstein 3D is a first-person shooter video game developed by id Software and published by Apogee Software and FormGen. Originally released on May 5, 1992, for MS-DOS, it was inspired by the 1981 Muse Software video game Castle Wolfenstein. In Wolfenstein 3D, the player assumes the role of Allied spy William "B.J." Blazkowicz during World War II as he escapes from the Nazi German prison Castle Wolfenstein and carries out a series of crucial missions against the Nazis. The player traverses through each of the game's levels to find an elevator to the next level or kill a final boss, fighting Nazi soldiers, dogs, and other enemies with knives, pistols, and other guns. Wolfenstein 3D was the second major release by id Software, after the Commander Keen series of episodes. In mid-1991, programmer John Carmack experimented with making a fast 3D game engine by restricting the gameplay and viewpoint to a single plane, producing Hovertank 3D and Catacomb 3-D as prototypes. After a design session prompted the company to shift from the family-friendly Keen to a more violent theme, programmer John Romero suggested remaking the 1981 stealth shooter Castle Wolfenstein as a fast-paced action game. He and designer Tom Hall designed the game, built on Carmack's engine, to be fast and violent, unlike other computer games on the market at the time. Wolfenstein 3D features artwork by Adrian Carmack and sound effects and music by Bobby Prince. The game was released through Apogee in two sets of three episodes under the shareware model, in which the first episode is released for free to drive interest in paying for the rest. An additional episode, Spear of Destiny, was released as a stand-alone retail title through FormGen. Wolfenstein 3D was a critical and commercial success, garnering numerous awards and selling over 200,000 copies by the end of 1993. It is widely regarded as having helped popularize the first-person shooter genre and establishing the standard of fast-paced action and technical prowess for many subsequent games in the genre, as well as showcasing the viability of the shareware publishing model at the time. FormGen developed an additional two episodes for the game, while Apogee released a pack of over 800 fan-created levels. Id Software never returned to the series, but did license the engine to numerous other titles before releasing the source code for free in 1995, and multiple other games in the Wolfenstein series have been developed by other companies since 2001.},
  timestamp = {2017-08-01T11:15:47Z},
  langid = {english},
  journaltitle = {Wikipedia},
  date = {2017-05},
  note = {Page Version ID: 778763471},
  file = {Snapshot:F\:\\zoterobib\\storage\\9IWVHA2I\\2017 - iWolfenstein 3Di.html:text/html;Snapshot:F\:\\zoterobib\\storage\\C4B6ZFR9\\index.html:text/html}
}

@article{bilitza_2008_InternationalReferenceIonosphere,
  title = {International {{Reference Ionosphere}} 2007: {{Improvements}} and {{New Parameters}}},
  volume = {42},
  issn = {02731177},
  doi = {10.1016/j.asr.2007.07.048},
  shorttitle = {International {{Reference Ionosphere}} 2007},
  timestamp = {2017-08-01T11:15:48Z},
  langid = {english},
  number = {4},
  journaltitle = {Advances in Space Research},
  author = {Bilitza, D. and Reinisch, B.W.},
  date = {2008-08},
  pages = {599--609}
}

@article{maojianzhong_2008_GangSiShengJiaoCheZhuDongShiFangJiGouYanJiu,
  title = {钢丝绳绞车主动释放机构研究},
  timestamp = {2017-08-01T11:15:48Z},
  number = {3},
  journaltitle = {机械设计与制造},
  author = {{毛建忠} and {朱康武} and {钱怡} and {冷建兴}},
  date = {2008},
  pages = {28--29}
}

@article{fernandez_2010_FeasibilityDevelopingIonospheric,
  title = {Feasibility of {{Developing}} an {{Ionospheric E}}-{{Region Electron Density Storm Model Using TIMED}}/{{SABER Measurements}}},
  volume = {46},
  issn = {02731177},
  doi = {10.1016/j.asr.2010.06.008},
  timestamp = {2017-08-01T11:15:48Z},
  langid = {english},
  number = {8},
  journaltitle = {Advances in Space Research},
  author = {Fernandez, J.R. and Mertens, C.J. and Bilitza, D. and Xu, X. and Russell, J.M. and Mlynczak, M.G.},
  date = {2010-10},
  pages = {1070--1077}
}

@book{wanghai_2011_ShiYouJiaGongGongYiXueXiaCe,
  location = {{北京}},
  edition = {第1版},
  title = {石油加工工艺学(下册)},
  isbn = {978-7-5114-1131-0},
  abstract = {《石油加工工艺学(下册)》根据石油加工技术发展的现状与趋势，以培养应用型石油加工高级工程技术人才为目标，重点介绍了石油及其产品的性质，详细阐述了原油蒸馏、渣油热加工、催化裂化、催化加氢、催化重整、烷基化、异构化醚化以及润滑油生产等各种石油加工方法的基本原理、生产工艺过程、主要产品及典型设备和基本工艺计算方法，同时融入了部分科研与生产上的最新技术。《石油加工工艺学(下册)》重点突出，内容新颖、翔实，实用性强，可作为高职高专“石油化工技术”专业和普通高等学校“化学工程与工艺”本科的专业教材，也可供炼油企业员工学习、培训之用。},
  timestamp = {2017-08-01T11:15:48Z},
  publisher = {{中国石化出版社}},
  author = {王海, 彦 and 陈文, 艺},
  date = {2011-09}
}

@article{zhanghui_2012_WoGuoCuiHuaLieHuaGongYiJiZhuFaZhanYuQuShi,
  title = {我国催化裂化工艺技术发展与趋势},
  timestamp = {2017-08-01T11:15:48Z},
  number = {7},
  journaltitle = {中国石油和化工标准与质量},
  author = {{张晖}},
  date = {2012},
  pages = {15--15}
}

@article{oberdiek_2000_BookmarkPackage,
  title = {The {{Bookmark Package}}},
  volume = {2007},
  timestamp = {2017-08-01T11:15:48Z},
  number = {1},
  journaltitle = {History},
  author = {Oberdiek, Heiko},
  date = {2000},
  pages = {43},
  file = {Oberdiek_2000_The Bookmark Package.pdf:F\:\\zoterobib\\storage\\EC4QIJCQ\\Oberdiek_2000_The Bookmark Package.pdf:application/pdf}
}


